@article{AbedonHymanThomas2003,
  author = "Abedon, S. T. and Hyman, P. and Thomas, C.",
  year = "2003",
  title = "Experimental examination of bacteriophage latent-period evolution as a response to bacterial availability",
  journal = "Applied and Environmental Microbiology",
  volume = "69",
  pages = "7499--7506"
}
@article{charpak1968use,
  title={The use of multiwire proportional counters to select and localize charged particles},
  author={Charpak, Georges and Bouclier, R and Bressani, T and Favier, J and Zupan{\v{c}}i{\v{c}}, {\v{C}}},
  journal={Nuclear Instruments and Methods},
  volume={62},
  number={3},
  pages={262--268},
  year={1968},
  publisher={Elsevier}
}
@article{martin2021fission,
  title={Fission-fragment yields and prompt-neutron multiplicity for Coulomb-induced fission of U 234, 235 and Np 237, 238},
  author={Martin, J-F and Ta{\"\i}eb, J and Boutoux, G and Chatillon, A and Gorbinet, T and Pellereau, E and Audouin, L and Heinz, A and Alvarez-Pol, H and Ayyad, Y and others},
  journal={Physical Review C},
  volume={104},
  number={4},
  pages={044602},
  year={2021},
  publisher={APS}
}
@MISC{wiki:GLAD,
    author = {{GSI Helmholtzzentrum f\"ur Schwerionenforschung GmbH}},
    title = {Large-acceptance dipole magnet GLAD},
    year = {2013},
    note = {[Online; accessed September 09, 2024]},
    url = {{https://www.gsi.de/fileadmin/Kernreaktionen/GLAD_in_CaveC.jpg}}
}
@inproceedings{bail2011time,
  title={Time of flight measurement on the SOFIA experiment},
  author={Bail, A and Taieb, J and Chatillon, A and Belier, G and Laurent, B and Pellereau, E},
  booktitle={2011 2nd International Conference on Advancements in Nuclear Instrumentation, Measurement Methods and their Applications},
  pages={1--4},
  year={2011},
  organization={IEEE}
}
@article{boretzky2021neuland,
  title={NeuLAND: The high-resolution neutron time-of-flight spectrometer for R3B at FAIR},
  author={Boretzky, Konstanze and Ga{\v{s}}pari{\'c}, Igor and Heil, Michael and Mayer, Jan and Heinz, Andreas and Caesar, Christoph and Kresan, Dmytro and Simon, Haik and T{\"o}rnqvist, Hans Toshihide and K{\"o}rper, Daniel and others},
  journal={Nuclear Instruments and Methods in Physics Research Section A: Accelerators, Spectrometers, Detectors and Associated Equipment},
  volume={1014},
  pages={165701},
  year={2021},
  publisher={Elsevier}
}
@article{boretzky2014neuland,
  title={NeuLAND-from double-planes to the demonstrator},
  author={Boretzky, K and Alkazov, GD and Atar, L and Aumann, T and Beinrucker, C},
  journal={GSI Sci. Rep},
  volume={200},
  pages={2015},
  year={2014}
}
